%% This BibTeX bibliography file was created using BibDesk.
%% http://bibdesk.sourceforge.net/


%% Created for Lauro Cesar Araujo at 2015-04-27 19:43:45 -0300 


%% Saved with string encoding Unicode (UTF-8) 
@article{sadleir2006electroclinical,
  title={Electroclinical features of absence seizures in childhood absence epilepsy},
  author={Sadleir, LG and Farrell, K and Smith, S and Connolly, MB and Scheffer, IE},
  journal={Neurology},
  volume={67},
  number={3},
  pages={413--418},
  year={2006},
  publisher={AAN Enterprises}
}
@article{mormann2003epileptic,
  title={Epileptic seizures are preceded by a decrease in synchronization},
  author={Mormann, Florian and Kreuz, Thomas and Andrzejak, Ralph G and David, Peter and Lehnertz, Klaus and Elger, Christian E},
  journal={Epilepsy research},
  volume={53},
  number={3},
  pages={173--185},
  year={2003},
  publisher={Elsevier}
}

@article{rubinov2010complex,
  title={Complex network measures of brain connectivity: uses and interpretations},
  author={Rubinov, Mikail and Sporns, Olaf},
  journal={Neuroimage},
  volume={52},
  number={3},
  pages={1059--1069},
  year={2010},
  publisher={Elsevier}
}

@book{sporns2010networks,
  title={Networks of the Brain},
  author={Sporns, Olaf},
  year={2010},
  publisher={MIT press}
}

@phdthesis{kraskov2004synchronization,
  title={Synchronization and Interdependence Maesures and their Applications to the Electroencephalogram of Epilepsy Patients and Clustering of Data},
  author={Kraskov, Alexander},
  year={2004},
  school={Universit{\"a}t Wuppertal, Fakult{\"a}t f{\"u}r Mathematik und Naturwissenschaften~…}
}

@phdthesis{juliana,
  title={Métodos de estimação de medidas de informação e aplicações em Neurociência},
  author={Assis, Juliana M. de},
  year={2017},
  school={Universidade Federal de Campina Grande, Departamento de Engenharia Elétrica}
}

@article{zheng2014epileptic,
  title={Epileptic seizure prediction using phase synchronization based on bivariate empirical mode decomposition},
  author={Zheng, Yang and Wang, Gang and Li, Kuo and Bao, Gang and Wang, Jue},
  journal={Clinical Neurophysiology},
  volume={125},
  number={6},
  pages={1104--1111},
  year={2014},
  publisher={Elsevier}
}

@article{lehnertz2014evolving,
  title={Evolving networks in the human epileptic brain},
  author={Lehnertz, Klaus and Ansmann, Gerrit and Bialonski, Stephan and Dickten, Henning and Geier, Christian and Porz, Stephan},
  journal={Physica D: Nonlinear Phenomena},
  volume={267},
  pages={7--15},
  year={2014},
  publisher={Elsevier}
}

@article{geier2015important,
  title={How important is the seizure onset zone for seizure dynamics?},
  author={Geier, Christian and Bialonski, Stephan and Elger, Christian E and Lehnertz, Klaus},
  journal={Seizure},
  volume={25},
  pages={160--166},
  year={2015},
  publisher={Elsevier}
}

@article{lehnertz2009synchronization,
  title={Synchronization phenomena in human epileptic brain networks},
  author={Lehnertz, Klaus and Bialonski, Stephan and Horstmann, Marie-Therese and Krug, Dieter and Rothkegel, Alexander and Staniek, Matth{\"a}us and Wagner, Tobias},
  journal={Journal of neuroscience methods},
  volume={183},
  number={1},
  pages={42--48},
  year={2009},
  publisher={Elsevier}
}

@article{boccaletti2001unifying,
  title={Unifying framework for synchronization of coupled dynamical systems},
  author={Boccaletti, S and Pecora, Louis M and Pelaez, Antonio},
  journal={Physical Review E},
  volume={63},
  number={6},
  pages={066219},
  year={2001},
  publisher={APS}
}

@article{shannon1948mathematical,
  title={A mathematical theory of communication},
  author={Shannon, Claude Elwood},
  journal={Bell system technical journal},
  volume={27},
  number={3},
  pages={379--423},
  year={1948},
  publisher={Wiley Online Library}
}

@book{cover2012elements,
  title={Elements of information theory},
  author={Cover, Thomas M and Thomas, Joy A},
  year={2012},
  publisher={John Wiley \& Sons}
}

@article{eccles,
 ISSN = {09501207},
 URL = {http://www.jstor.org/stable/93849},
 author = {J. H. Vincent},
 journal = {Proceedings of the Royal Society of London. Series A, Containing Papers of a Mathematical and Physical Character},
 number = {683},
 pages = {191--196},
 publisher = {The Royal Society},
 title = {Further Experiments on the Variation of Wave-Length of the Oscillations Generated by an Ionic Valve due to Changes in Filament Current},
 volume = {97},
 year = {1920}
}

@inproceedings{appleton1922automatic,
  title={Automatic synchronization of triode oscillators},
  author={Appleton, Edward Victor},
  booktitle={Proc. Cambridge Phil. Soc},
  volume={21},
  number={pt 111},
  pages={231},
  year={1922}
}

@article{van1927vii,
  title={Vii. forced oscillations in a circuit with non-linear resistance.(reception with reactive triode)},
  author={Van Der Pol, Balth},
  journal={The London, Edinburgh, and Dublin Philosophical Magazine and Journal of Science},
  volume={3},
  number={13},
  pages={65--80},
  year={1927},
  publisher={Taylor \& Francis}
}

@article{van1928lxxii,
  title={LXXII. The heartbeat considered as a relaxation oscillation, and an electrical model of the heart},
  author={Van Der Pol, Balth and Van Der Mark, Jan},
  journal={The London, Edinburgh, and Dublin Philosophical Magazine and Journal of Science},
  volume={6},
  number={38},
  pages={763--775},
  year={1928},
  publisher={Taylor \& Francis}
}

@article{lorenz1963mechanics,
  title={The mechanics of vacillation},
  author={Lorenz, Edward N},
  journal={Journal of the Atmospheric Sciences},
  volume={20},
  number={5},
  pages={448--465},
  year={1963}
}

@article{PhysRevLett.64.821,
  title = {Synchronization in chaotic systems},
  author = {Pecora, Louis M. and Carroll, Thomas L.},
  journal = {Phys. Rev. Lett.},
  volume = {64},
  issue = {8},
  pages = {821--824},
  numpages = {0},
  year = {1990},
  month = {Feb},
  publisher = {American Physical Society},
  doi = {10.1103/PhysRevLett.64.821},
  url = {https://link.aps.org/doi/10.1103/PhysRevLett.64.821}
}

@article{varela2001brainweb,
  title={The brainweb: phase synchronization and large-scale integration},
  author={Varela, Francisco and Lachaux, Jean-Philippe and Rodriguez, Eugenio and Martinerie, Jacques},
  journal={Nature reviews neuroscience},
  volume={2},
  number={4},
  pages={229},
  year={2001},
  publisher={Nature Publishing Group}
}

@article{LEHNERTZ1995108,
title = "Spatio-temporal dynamics of the primary epileptogenic area in temporal lobe epilepsy characterized by neuronal complexity loss",
journal = "Electroencephalography and Clinical Neurophysiology",
volume = "95",
number = "2",
pages = "108 - 117",
year = "1995",
issn = "0013-4694",
doi = "https://doi.org/10.1016/0013-4694(95)00071-6",
url = "http://www.sciencedirect.com/science/article/pii/0013469495000716",
author = "K. Lehnertz and C.E. Elger",
keywords = "Neuronal complexity loss, Correlation dimension, Primary epileptogenic area, Temporal lobe epilepsy, ECoG",
}

@article{PhysRevLett.Rosenblum,
  title = {Phase Synchronization of Chaotic Oscillators},
  author = {Rosenblum, Michael G. and Pikovsky, Arkady S. and Kurths, J\"urgen},
  journal = {Phys. Rev. Lett.},
  volume = {76},
  issue = {11},
  pages = {1804--1807},
  numpages = {0},
  year = {1996},
  month = {Mar},
  publisher = {American Physical Society},
  doi = {10.1103/PhysRevLett.76.1804},
  url = {https://link.aps.org/doi/10.1103/PhysRevLett.76.1804}
}


@article{Lachaux,
author = {Lachaux, Jean-Philippe and Rodriguez, Eugenio and Martinerie, Jacques and Varela, Francisco J.},
title = {Measuring phase synchrony in brain signals},
journal = {Human Brain Mapping},
volume = {8},
number = {4},
pages = {194-208},
year = {1999},
doi = {10.1002/(SICI)1097-0193(1999)8:4<194::AID-HBM4>3.0.CO;2-C},
url = {https://onlinelibrary.wiley.com/doi/abs/10.1002/%28SICI%291097-0193%281999%298%3A4%3C194%3A%3AAID-HBM4%3E3.0.CO%3B2-C},
eprint = {https://onlinelibrary.wiley.com/doi/pdf/10.1002/%28SICI%291097-0193%281999%298%3A4%3C194%3A%3AAID-HBM4%3E3.0.CO%3B2-C},
}

@article{friston1994functional,
  title={Functional and effective connectivity in neuroimaging: a synthesis},
  author={Friston, Karl J},
  journal={Human brain mapping},
  volume={2},
  number={1-2},
  pages={56--78},
  year={1994},
  publisher={Wiley Online Library}
}

@book{zhou2009statistical,
  title={Statistical methods in diagnostic medicine},
  author={Zhou, Xiao-Hua and McClish, Donna K and Obuchowski, Nancy A},
  volume={569},
  year={2009},
  publisher={John Wiley \& Sons}
}
@article{FREEMAN1978215,
title = "Centrality in social networks conceptual clarification",
journal = "Social Networks",
volume = "1",
number = "3",
pages = "215 - 239",
year = "1978",
issn = "0378-8733",
doi = "https://doi.org/10.1016/0378-8733(78)90021-7",
url = "http://www.sciencedirect.com/science/article/pii/0378873378900217",
author = "Linton C. Freeman",
}

@article{crunelli2002childhood,
  title={Childhood absence epilepsy: genes, channels, neurons and networks},
  author={Crunelli, Vincenzo and Leresche, Nathalie},
  journal={Nature Reviews Neuroscience},
  volume={3},
  number={5},
  pages={371},
  year={2002},
  publisher={Nature Publishing Group}
}

@Article{Rodrigues2014,
author="Rodrigues, A. C.
and Machado, B. S.
and Florence, G.
and Hamad, A. P.
and Sakamoto, A. C.
and Fujita, A.
and Baccal{\'a}, L. A.
and Amaro, E.
and Sameshima, K.",
title="Brain network dynamics characterization in epileptic seizures",
journal="The European Physical Journal Special Topics",
year="2014",
month="Dec",
day="01",
volume="223",
number="13",
pages="2933--2941",

}






